<?xml version="1.0" encoding="UTF-8"?><collection xmlns="http://www.loc.gov/MARC21/slim"><record><leader>00475nam--2200181-i-4500</leader><controlfield tag="001">000022397</controlfield><controlfield tag="002">20161230</controlfield><controlfield tag="005">20161230201034</controlfield><controlfield tag="008">060222s1000------------r-----000-0-eng-d</controlfield><datafield ind1=" " ind2=" " tag="040"><subfield code="a">IFIN-HH</subfield></datafield><datafield ind1=" " ind2=" " tag="080"><subfield code="a">519.2:512.1</subfield></datafield><datafield ind1="1" ind2=" " tag="100"><subfield code="a">Grenander, Ulf</subfield></datafield><datafield ind1="1" ind2="0" tag="245"><subfield code="a">Probabilities on algebraic structures</subfield><subfield code="c">Ulf Grenander</subfield></datafield><datafield ind1=" " ind2=" " tag="260"><subfield code="a">New York, John Wiley &amp; Sons, Inc., 1963</subfield></datafield><datafield ind1=" " ind2=" " tag="300"><subfield code="a">218P</subfield></datafield><datafield ind1=" " ind2=" " tag="650"><subfield code="a">Probabilities</subfield></datafield><datafield ind1=" " ind2=" " tag="852"><subfield code="a">20093</subfield><subfield code="c">519.2</subfield></datafield><datafield ind1=" " ind2=" " tag="CAT"><subfield code="a">Sys</subfield><subfield code="c">20100520</subfield><subfield code="h">132300</subfield></datafield></record></collection>